@inproceedings{singh2021keylogger,
  title={Keylogger detection and prevention},
  author={Singh and Choudhary, Pushpa and others},
  booktitle={Journal of Physics: Conference Series},
  volume={2007},
  number={1},
  pages={012005},
  year={2021},
  organization={IOP Publishing}
}
@article{aslan2020comprehensive,
  title={A comprehensive review on malware detection approaches},
  author={Aslan and Samet, Refik},
  journal={IEEE access},
  volume={8},
  pages={6249--6271},
  year={2020},
  publisher={IEEE}
}
@inproceedings{wajahat2019novel,
  title={A novel approach of unprivileged keylogger detection},
  author={Wajahat and Latif, Jahanzaib and Nazir, Ahsan and Bilal, Anas},
  booktitle={2019 2nd International Conference on Computing, Mathematics and Engineering Technologies (iCoMET)},
  pages={1--6},
  year={2019},
  organization={IEEE}
}
@article{tuli2013system,
  title={System monitoring and security using keylogger},
  author={Tuli and Sahu, Priyanka},
  journal={International Journal of Computer Science and Mobile Computing},
  volume={2},
  number={3},
  pages={106--111},
  year={2013}
}
@article{ahmed2014survey,
  title={Survey of Keylogger technologies},
  author={Ahmed and Maarof, Mohd Aizaini and Hassan, Fuad Mire and Abshir, Mohamed Muse},
  journal={International journal of computer science and telecommunications},
  volume={5},
  number={2},
  year={2014}
}
@inproceedings{bhaharin2019issues,
  title={Issues and trends in information security policy compliance},
  author={Bhaharin and Asmaâ€™Mokhtar, Umi and Sulaiman, Rossilawati and Yusof, Maryati Mohd},
  booktitle={2019 6th International Conference on Research and Innovation in Information Systems (ICRIIS)},
  pages={1--6},
  year={2019},
  organization={IEEE}
}
@inproceedings{solairaj2016keyloggers,
  title={Keyloggers software detection techniques},
  author={Solairaj and Prabanand, SC and Mathalairaj, J and Prathap, C and Vignesh, LS},
  booktitle={2016 10th International Conference on Intelligent Systems and Control (ISCO)},
  pages={1--6},
  year={2016},
  organization={IEEE}
}
@inproceedings{singh2018infringement,
  title={Infringement of Prevention Technique against Keyloggers using Sift Attack},
  author={Arun and Singh, Vaishali},
  booktitle={2018 International Conference on Advanced Computation and Telecommunication (ICACAT)},
  pages={1--4},
  year={2018},
  organization={IEEE}
}
@misc{Aydinnyunus,
  author = {Aydin},
  title = {Keylogger Detection and Mitigation Methods: Code for Research and Analysis URL:https://github.com/aydinnyunus/keylogger},
  year = {2024},
  howpublished = {GitHub repository}
}
@online{securityintelligence2023,
  title = {10 Billion in Cyber Crime Losses Shatters Previous Totals URL:https://securityintelligence.com/news/10-billion-in-cyber-crime-losses-shatters-previous-totals/},
  author = {Security Intelligence},
  journal = {Security Intelligence},
  year = {2023},
  note = {Acesso em: nov. 2024}
}
@online{tomshardware2023,
  author = {Tom's},
  title = {Windows 11 Market Share Declines as Users Seemingly Shift Back to Windows 10
          URL:https://www.tomshardware.com/software/operating-systems/windows-11-market-share-declines-as-users-seemingly-shift-back-to-windows-10},
  year = {2023},
  note = {Acessado em: 23 nov. 2024}
}
@INPROCEEDINGS{10124477,
  author={Ekele and A., Adebiyi Ayodele and A., Adebiyi Ayodele},
  booktitle={2023 International Conference on Science, Engineering and Business for Sustainable Development Goals (SEB-SDG)}, 
  title={Keylogger Detection: A Systematic Review}, 
  year={2023},
  volume={1},
  number={},
  pages={1-6},
  keywords={Machine learning algorithms;Systematics;Software algorithms;Passwords;Software;Pins;Security;Keylogger;Hooks;Memory Forensic;Phishing},
  doi={10.1109/SEB-SDG57117.2023.10124477}}
@misc{MicrosoftSecurityBlog,
  author = {Microsoft},
  title = {Microsoft Security Blog},
  year = {2024},
  note = {Accessed: Nov. 2024},
  howpublished = {\url{https://www.microsoft.com/pt-br/security/blog/}}
}

@misc{Avast,
  author = {Avast Software},
  title = {Avast Antivirus},
  year = {2024},
  note = {Accessed: Nov. 2024},
  howpublished = {\url{https://www.avast.com/pt-br/index}}
}

@misc{AVG,
  author = {AVG Technologies},
  title = {AVG Antivirus},
  year = {2024},
  note = {Accessed: Nov. 2024},
  howpublished = {\url{https://www.avg.com/pt-br/homepage}}
}

@misc{Malwarebytes,
  author = {Malwarebytes Inc.},
  title = {Malwarebytes Antivirus},
  year = {2024},
  note = {Accessed: Nov. 2024},
  howpublished = {\url{https://www.malwarebytes.com/}}
}

@misc{TotalAV,
  author = {Protected.net Group},
  title = {Total AV Antivirus},
  year = {2024},
  note = {Accessed: Nov. 2024},
  howpublished = {\url{https://www.totalav.com/}}
}

@misc{Bitdefender,
  author = {Bitdefender LLC},
  title = {Bitdefender Antivirus},
  year = {2024},
  note = {Accessed: Nov. 2024},
  howpublished = {\url{https://www.bitdefender.com/pt-br/}}
}


